@book{java-book,
author="Sharon Zakhour, Scott Hommell, Jacob Royal, Isaac Rabinovitch, Tom Risser, Mark Hoeber",
title="Java 6 Výukový kurz",
publisher="Computer Press",
year="2007",
isbn="978-80-251-1575-6",
}

@book{c-book,
author="Pavel Herout",
title="Učebnice jazyka C",
publisher="KOPP",
year="1994",
isbn="80-85828-21-9",
}

@book{cpp-book,
author="Stephan Prata",
title="Mistrovsví v C++",
publisher="Computer Press",
year="2001",
isbn="80-7226–339-0",
}

@book{cs-book,
author="John Sharp",
title="Microsoft Visual C\# 2010 Krok za krokem",
publisher="Computer Press",
year="2010",
isbn="978-80-251-3147-3",
}

@book{pas-book,
author="Pavel Satrapa",
title="Pascal pro zelenáče",
publisher="Neocortex",
year="2000",
isbn="80-86330-03-6",
}

@online{java-guide-vm,
title="Java SE 7 Virtual Machine (VM)-related APIs \& Developer Guides",
url="http://docs.oracle.com/javase/7/docs/\-technotes/guides/vm/index.html",
cited="1.12.2015",
}

@online{java-guide-javac,
title="Java SE 7 Java Compiler (javac)-related APIs and Developer Guides",
url="http://docs.oracle.com/javase/7/docs/\-technotes/guides/javac/index.html",
cited="1.12.2015",
}

@online{java-guide-java,
title="java",
url="http://docs.oracle.com/javase/7/docs/\-technotes/tools/windows/java.html",
cited="1.12.2015",
}

@online{java-guide-object,
title="Object (Java Platform SE 7 )",
url="http://docs.oracle.com/javase/7/docs/api/\-java/lang/Object.html",
cited="1.12.2015",
}

@online{c-guide,
title="The GNU C Reference Manual",
url="http://www.gnu.org/software/gnu-c-manual/gnu-c-manual.html",
cited="1.12.2015",
}

@online{cpp-guide-classes,
title="Classes (I) - C++ Tutorials",
url="http://www.cplusplus.com/doc/tutorial/classes/",
cited="1.12.2015",
}

@online{cs-guide-basic,
title="Visual C\# Language (C\#)",
url="https://msdn.microsoft.com/en-us/library/aa287558(v=vs.71).aspx",
cited="2.12.2015",
}

@online{cs-guide-clr,
title="Common Language Runtime (CLR)",
url="https://msdn.microsoft.com/cs-cz/library/8bs2ecf4(v=vs.110).aspx",
cited="2.12.2015",
}

@online{cs-guide-msil,
title="Compiling to MSIL",
url="https://msdn.microsoft.com/en-us/library/c5tkafs1(v=vs.100).aspx",
cited="2.12.2015",
}

@online{cs-guide-jit,
title="Compiling MSIL to Native Code",
url="https://msdn.microsoft.com/en-us/library/ht8ecch6(v=vs.100).aspx",
cited="2.12.2015",
}

@online{pas-guide-about,
title="About the Pascal language",
url="http://www.freepascal.org/docs-html/ref/refli6.html\#x7-6000",
cited="2.12.2015",
}

@online{java-guide-types,
title="Primitive Data Types (The Java™ Tutorials > Learning the Java Language > Language Basics)",
url="https://docs.oracle.com/javase/tutorial/\-java/nutsandbolts/datatypes.html",
cited="3.12.2015",
}

@online{cpp-guide-types,
title="Variables and types - C++ Tutorials",
url="http://www.cplusplus.com/doc/tutorial/variables/",
cited="3.12.2015",
}

@online{cs-guide-types,
title="Built-in Data Types",
url="https://msdn.microsoft.com/en-us/library/cs7y5x0x(v=vs.90).aspx",
cited="3.12.2015",
}

@online{pas-guide-types,
title="3 Types",
url="http://www.freepascal.org/docs-html/ref/refch3.html\#x25-240003",
cited="3.12.2015",
}

@online{java-guide-byte,
title="Byte (Java Platform SE 7 )",
url="https://docs.oracle.com/javase/7/docs/api/\-java/lang/Byte.html",
cited="3.12.2015",
}

@online{java-guide-short,
title="Short (Java Platform SE 7 )",
url="https://docs.oracle.com/javase/7/docs/api/\-java/lang/Short.html",
cited="3.12.2015",
}

@online{java-guide-integer,
title="Integer (Java Platform SE 7 )",
url="https://docs.oracle.com/javase/7/docs/api/\-java/lang/Integer.html",
cited="3.12.2015",
}

@online{java-guide-long,
title="Long (Java Platform SE 7 )",
url="https://docs.oracle.com/javase/7/docs/api/\-java/lang/Long.html",
cited="3.12.2015",
}

@online{java-guide-float,
title="Float (Java Platform SE 7 )",
url="https://docs.oracle.com/javase/7/docs/api/\-java/lang/Float.html",
cited="3.12.2015",
}

@online{java-guide-double,
title="Double (Java Platform SE 7 )",
url="https://docs.oracle.com/javase/7/docs/api/\-java/lang/Double.html",
cited="3.12.2015",
}

@online{java-guide-character,
title="Character (Java Platform SE 7 )",
url="https://docs.oracle.com/javase/7/docs/api/\-java/lang/Character.html",
cited="3.12.2015",
}

@online{java-guide-boolean,
title="Boolean (Java Platform SE 7 )",
url="https://docs.oracle.com/javase/7/docs/api/\-java/lang/Boolean.html",
cited="3.12.2015",
}

@online{cs-guide-sbyte,
title="sbyte (Referenční dokumentace jazyka C\#)",
url="https://msdn.microsoft.com/cs-cz/library/d86he86x.aspx",
cited="3.12.2015",
}

@online{cs-guide-short,
title="short (Referenční dokumentace jazyka C\#)",
url="https://msdn.microsoft.com/cs-cz/library/ybs77ex4.aspx",
cited="3.12.2015",
}

@online{cs-guide-int,
title="int (C\# Reference)",
url="https://msdn.microsoft.com/en-us/library/5kzh1b5w.aspx",
cited="3.12.2015",
}

@online{cs-guide-long,
title="long (C\# Reference)",
url="https://msdn.microsoft.com/en-us/library/ctetwysk.aspx",
cited="3.12.2015",
}

@online{cs-guide-float,
title="float (Referenční dokumentace jazyka C\#)",
url="https://msdn.microsoft.com/cs-cz/library/b1e65aza.aspx",
cited="3.12.2015",
}

@online{cs-guide-double,
title="double (Referenční dokumentace jazyka C\#)",
url="https://msdn.microsoft.com/cs-cz/library/678hzkk9.aspx",
cited="3.12.2015",
}

@online{cs-guide-char,
title="char (C\# Reference)",
url="https://msdn.microsoft.com/en-us/library/x9h8tsay.aspx",
cited="3.12.2015",
}

@online{cs-guide-bool,
title="bool (Referenční dokumentace jazyka C\#)",
url="https://msdn.microsoft.com/cs-cz/library/c8f5xwh7.aspx",
cited="3.12.2015",
}

@online{cs-guide-byte,
title="byte (Referenční dokumentace jazyka C\#)",
url="https://msdn.microsoft.com/cs-cz/library/5bdb6693.aspx",
cited="3.12.2015",
}

@online{cs-guide-ushort,
title="ushort (Referenční dokumentace jazyka C\#)",
url="https://msdn.microsoft.com/cs-cz/library/cbf1574z.aspx",
cited="3.12.2015",
}

@online{cs-guide-uint,
title="uint (Referenční dokumentace jazyka C\#)",
url="https://msdn.microsoft.com/cs-cz/library/x0sksh43.aspx",
cited="3.12.2015",
}

@online{cs-guide-ulong,
title="ulong (Referenční dokumentace jazyka C\#)",
url="https://msdn.microsoft.com/cs-cz/library/t98873t4.aspx",
cited="3.12.2015",
}

@online{cs-guide-decimal,
title="decimal (Referenční dokumentace jazyka C\#)",
url="https://msdn.microsoft.com/cs-cz/library/364x0z75.aspx",
cited="3.12.2015",
}

@online{cs-guide-string,
title="string (C\# Reference)",
url="https://msdn.microsoft.com/en-us/library/362314fe.aspx",
cited="3.12.2015",
}

@online{cs-guide-object,
title="object (C\# Reference)",
url="https://msdn.microsoft.com/en-us/library/9kkx3h3c.aspx",
cited="3.12.2015",
}

@online{pas-guide-base-types,
title="Base types",
url="http://www.freepascal.org/docs-html/ref/refse12.html\#x26-250003.1",
cited="4.12.2015",
}

@online{pas-guide-character-types,
title="Character types",
url="http://www.freepascal.org/docs-html/ref/refse13.html\#x29-320003.2",
cited="4.12.2015",
}

@online{pas-guide-integer,
title="Ordinal types",
url="http://www.freepascal.org/docs-html/ref/refsu5.html\#x27-260003.1.1",
cited="4.12.2015",
}

@online{pas-guide-boolean,
title="Ordinal types",
url="http://www.freepascal.org/docs-html/ref/refsu5.html\#x27-280003.1.1",
cited="4.12.2015",
}

@online{pas-guide-real,
title="Real types",
url="http://www.freepascal.org/docs-html/ref/refsu6.html\#x28-310003.1.2",
cited="4.12.2015",
}

@online{pas-guide-ansichar,
title="Char or AnsiChar",
url="http://www.freepascal.org/docs-html/ref/refsu7.html\#x30-330003.2.1",
cited="4.12.2015",
}

@online{pas-guide-widechar,
title="WideChar",
url="http://www.freepascal.org/docs-html/ref/refsu8.html\#x31-340003.2.2",
cited="4.12.2015",
}

@online{java-guide-array,
title="Arrays (The Java™ Tutorials > Learning the Java Language > Language Basics)",
url="https://docs.oracle.com/javase/tutorial/\-java/nutsandbolts/arrays.html",
cited="5.12.2015",
}

@online{java-guide-arrays,
title="Arrays (Java Platform SE 7 )",
url="http://docs.oracle.com/javase/7/docs/api/\-java/util/Arrays.html",
cited="5.12.2015",
}

@online{java-guide-collection,
title="Collection (Java Platform SE 7 )",
url="https://docs.oracle.com/javase/7/docs/api/\-java/util/Collection.html",
cited="5.12.2015",
}

@online{java-guide-list,
title="List (Java Platform SE 7 )",
url="https://docs.oracle.com/javase/7/docs/api/\-java/util/List.html",
cited="5.12.2015",
}

@online{java-guide-arraylist,
title="ArrayList (Java Platform SE 7 )",
url="https://docs.oracle.com/javase/7/docs/api/\-java/util/ArrayList.html",
cited="5.12.2015",
}

@online{java-guide-linkedlist,
title="LinkedList (Java Platform SE 7 )",
url="https://docs.oracle.com/javase/7/docs/api/\-java/util/LinkedList.html",
cited="5.12.2015",
}

@online{java-guide-hashset,
title="HashSet (Java Platform SE 7 )",
url="https://docs.oracle.com/javase/7/docs/api/\-java/util/HashSet.html",
cited="5.12.2015",
}

@online{java-guide-collections,
title="Collections (Java Platform SE 7 )",
url="http://docs.oracle.com/javase/7/docs/api/\-java/util/Collections.html",
cited="5.12.2015",
}

@online{java-guide-hashmap,
title="HashMap (Java Platform SE 7 )",
url="https://docs.oracle.com/javase/7/docs/api/\-java/util/HashMap.html",
cited="5.12.2015",
}

@online{cpp-guide-array,
title="Arrays - C++ Tutorials",
url="http://www.cplusplus.com/doc/tutorial/arrays/",
cited="5.12.2015",
}

@online{cpp-guide-pointer,
title="Pointers - C++ Tutorials",
url="http://www.cplusplus.com/doc/tutorial/pointers/",
cited="5.12.2015",
}

@online{cpp-guide-malloc,
title="malloc - C++ Reference",
url="http://www.cplusplus.com/reference/cstdlib/malloc/",
cited="5.12.2015",
}

@online{cpp-guide-calloc,
title="calloc - C++ Reference",
url="http://www.cplusplus.com/reference/cstdlib/calloc/",
cited="5.12.2015",
}

@online{cpp-guide-vector,
title="vector - C++ Reference",
url="http://www.cplusplus.com/reference/vector/vector/",
cited="5.12.2015",
}

@online{cpp-guide-list,
title="list - C++ Reference",
url="http://www.cplusplus.com/reference/list/list/",
cited="5.12.2015",
}

@online{cpp-guide-set,
title="set - C++ Reference",
url="http://www.cplusplus.com/reference/set/set/",
cited="5.12.2015",
}

@online{cpp-guide-map,
title="map - C++ Reference",
url="http://www.cplusplus.com/reference/map/map/",
cited="5.12.2015",
}

@online{cs-guide-array-tutorial,
title="Arrays Tutorial (C\#)",
url="https://msdn.microsoft.com/cs-cz/library/aa288453(v=vs.71).aspx",
cited="6.12.2015",
}

@online{cs-guide-array,
title="Array – třída (System)",
url="https://msdn.microsoft.com/cs-cz/library/system.array(v=vs.110).aspx",
cited="6.12.2015",
}

@online{cs-guide-list,
title="List(T) – třída (System.Collections.Generic)",
url="https://msdn.microsoft.com/cs-cz/library/6sh2ey19(v=vs.110).aspx",
cited="6.12.2015",
}

@online{cs-guide-linkedlist,
title="LinkedList(T) – třída (System.Collections.Generic)",
url="https://msdn.microsoft.com/cs-cz/library/he2s3bh7(v=vs.110).aspx",
cited="6.12.2015",
}

@online{pas-guide-structured-types,
title="Structured Types",
url="http://www.freepascal.org/docs-html/ref/refse14.html\#x38-480003.3",
cited="6.12.2015",
}

@online{pas-guide-static-array,
title="Arrays",
url="http://www.freepascal.org/docs-html/ref/refsu15.html\#x39-510003.3.1",
cited="6.12.2015",
}

@online{pas-guide-dynamic-array,
title="Arrays",
url="http://www.freepascal.org/docs-html/ref/refsu15.html\#x39-520003.3.1",
cited="6.12.2015",
}

@online{pas-guide-pointer,
title="Pointers",
url="http://www.freepascal.org/docs-html/ref/refse15.html\#x43-610003.4",
cited="6.12.2015",
}

@online{pas-guide-tlist,
title="TList",
url="http://www.freepascal.org/docs-html/rtl/classes/tlist.html",
cited="6.12.2015",
}

@online{pas-guide-tfplist,
title="TFPList",
url="http://www.freepascal.org/docs-html-3.0.0/rtl/classes/tfplist.html",
cited="6.12.2015",
}

@online{pas-guide-tfpglist,
title="TFPGList",
url="http://www.freepascal.org/docs-html-3.0.0/rtl/fgl/tfpglist.html",
cited="6.12.2015",
}

@online{pas-guide-tfpgobjectlist,
title="TFPGObjectList",
url="http://www.freepascal.org/docs-html-3.0.0/rtl/fgl/tfpgobjectlist.html",
cited="6.12.2015",
}

@online{java-guide-strings,
title="Strings (The Java™ Tutorials > Learning the Java Language > Numbers and Strings)",
url="https://docs.oracle.com/javase/tutorial/\-java/data/strings.html",
cited="6.12.2015",
}

@online{java-guide-string,
title="String (Java Platform SE 7 )",
url="http://docs.oracle.com/javase/7/docs/api/\-java/lang/String.html",
cited="7.12.2015",
}

@online{java-guide-stringbuffer,
title="StringBuffer (Java Platform SE 7 )",
url="http://docs.oracle.com/javase/7/docs/api/\-java/lang/StringBuffer.html",
cited="7.12.2015",
}

@online{java-guide-stringbuilder,
title="StringBuilder (Java Platform SE 7 )",
url="http://docs.oracle.com/javase/7/docs/api/\-java/lang/StringBuilder.html",
cited="7.12.2015",
}

@online{java-guide-stringtokenizer,
title="StringTokenizer (Java Platform SE 7 )",
url="http://docs.oracle.com/javase/7/docs/api/\-java/util/StringTokenizer.html",
cited="7.12.2015",
}
@online{cpp-guide-chararray,
title="Character sequences - C++ Tutorials",
url="http://www.cplusplus.com/doc/tutorial/ntcs/",
cited="7.12.2015",
}

@online{cpp-guide-cstdlib,
title="<cstdlib> (stdlib.h) - C++ Reference",
url="http://www.cplusplus.com/reference/cstdlib/",
cited="7.12.2015",
}

@online{cpp-guide-cstring,
title="<cstring> (string.h) - C++ Reference",
url="http://www.cplusplus.com/reference/cstring/",
cited="7.12.2015",
}

@online{cpp-guide-string,
title="<string> - C++ Reference",
url="http://www.cplusplus.com/reference/string/",
cited="7.12.2015",
}

@online{cpp-guide-stdstring,
title="string - C++ Reference",
url="http://www.cplusplus.com/reference/string/\-string/?kw=string",
cited="7.12.2015",
}

@online{cs-guide-stringclass,
title="String Class (System)",
url="https://msdn.microsoft.com/en-us/library/system.string(v=vs.110).aspx",
cited="7.12.2015",
}

@online{cs-guide-stringsplit,
title="String.Split Method (String[], StringSplitOptions) (System)",
url="https://msdn.microsoft.com/en-us/library/tabh47cf(v=vs.110).aspx",
cited="7.12.2015",
}

@online{pas-guide-strings,
title="Single-byte String types",
url="http://www.freepascal.org/docs-html/ref/refsu10.html\#x33-360003.2.4",
cited="7.12.2015",
}

@online{pas-guide-shortstring,
title="Single-byte String types",
url="http://www.freepascal.org/docs-html/ref/refsu10.html\#x33-370003.2.4",
cited="7.12.2015",
}

@online{pas-guide-ansistring,
title="Single-byte String types",
url="http://www.freepascal.org/docs-html/ref/refsu10.html\#x33-380003.2.4",
cited="7.12.2015",
}

@online{pas-guide-system,
title="Reference for unit 'System': Procedures and functions",
url="http://www.freepascal.org/docs-html/rtl/system/index-5.html",
cited="7.12.2015",
}

@online{pas-guide-tstringlist,
title="TStringList",
url="http://www.freepascal.org/docs-html/rtl/classes/tstringlist.html",
cited="7.12.2015",
}

@online{pas-guide-tstrings,
title="TStrings",
url="http://www.freepascal.org/docs-html/rtl/classes/tstrings.html",
cited="7.12.2015",
}

@online{java-guide-comparable,
title="Comparable (Java Platform SE 7 )",
url="http://docs.oracle.com/javase/7/docs/api/\-java/lang/Comparable.html",
cited="8.12.2015",
}

@online{java-guide-comparator,
title="Comparator (Java Platform SE 7 )",
url="http://docs.oracle.com/javase/7/docs/api/\-java/util/Comparator.html",
cited="8.12.2015",
}

@online{cpp-guide-qsort,
title="qsort - C++ Reference",
url="http://www.cplusplus.com/reference/cstdlib/qsort/",
cited="8.12.2015",
}

@online{cpp-guide-bsearch,
title="bsearch - C++ Reference",
url="http://www.cplusplus.com/reference/cstdlib/bsearch/",
cited="8.12.2015",
}

@online{cpp-guide-stdsort,
title="sort - C++ Reference",
url="http://www.cplusplus.com/reference/algorithm/sort/",
cited="9.12.2015",
}

@online{cpp-guide-stdstablesort,
title="stable\_sort - C++ Reference",
url="http://www.cplusplus.com/reference/algorithm/\-stable\_sort/",
cited="9.12.2015",
}

@online{cpp-guide-stdbinarysearch,
title="binary\_search - C++ Reference",
url="http://www.cplusplus.com/reference/algorithm/\-binary\_search/",
cited="9.12.2015",
}

@online{cs-guide-icomparable,
title="IComparable(T) – rozhraní (System)",
url="https://msdn.microsoft.com/cs-cz/library/4d7sx9hd(v=vs.110).aspx",
cited="9.12.2015",
}

@online{cs-guide-icomparer,
title="IComparer(T) – rozhraní (System.Collections.Generic)",
url="https://msdn.microsoft.com/cs-cz/library/8ehhxeaf(v=vs.110).aspx",
cited="9.12.2015",
}

@online{cs-guide-comparison,
title="Comparison(T) – delegát (System)",
url="https://msdn.microsoft.com/cs-cz/library/tfakywbh(v=vs.110).aspx",
cited="9.12.2015",
}

@online{pas-guide-tlistsort,
title="TList.Sort",
url="http://www.freepascal.org/docs-html/rtl/classes/tlist.sort.html",
cited="9.12.2015",
}

@online{pas-guide-tfplistsort,
title="TFPList.Sort",
url="http://www.freepascal.org/docs-html-3.0.0/rtl/classes/tfplist.sort.html",
cited="9.12.2015",
}

@online{pas-guide-tlistsortcompare,
title="TListSortCompare",
url="http://www.freepascal.org/docs-html-3.0.0/rtl/classes/tlistsortcompare.html",
cited="9.12.2015",
}

@online{java-guide-math,
title="Math (Java Platform SE 7 )",
url="https://docs.oracle.com/javase/7/docs/api/\-java/lang/Math.html",
cited="10.12.2015",
}

@online{cpp-guide-cmath,
title="<cmath> (math.h) - C++ Reference",
url="http://www.cplusplus.com/reference/cmath/",
cited="10.12.2015",
}

@online{cpp-guide-abs,
title="abs - C++ Reference",
url="http://www.cplusplus.com/reference/cmath/abs/",
cited="10.12.2015",
}

@online{cs-guide-math,
title="Math – třída (System)",
url="https://msdn.microsoft.com/cs-cz/library/system.math(v=vs.110).aspx",
cited="10.12.2015",
}

@online{pas-guide-math,
title="Reference for unit 'math': Procedures and functions",
url="http://www.freepascal.org/docs-html-3.0.0/rtl/math/index-5.html",
cited="10.12.2015",
}

@online{java-guide-scanner,
title="Scanner (Java Platform SE 7 )",
url="https://docs.oracle.com/javase/7/docs/api/\-java/util/Scanner.html",
cited="11.12.2015",
}

@online{java-guide-inputstream,
title="InputStream (Java Platform SE 7 )",
url="http://docs.oracle.com/javase/7/docs/api/\-java/io/InputStream.html",
cited="11.12.2015",
}

@online{java-guide-system,
title="System (Java Platform SE 7 )",
url="http://docs.oracle.com/javase/7/docs/api/\-java/lang/System.html",
cited="11.12.2015",
}

@online{java-guide-outputstream,
title="OutputStream (Java Platform SE 7 )",
url="http://docs.oracle.com/javase/7/docs/api/\-java/io/OutputStream.html",
cited="11.12.2015",
}

@online{java-guide-printstream,
title="PrintStream (Java Platform SE 7 )",
url="https://docs.oracle.com/javase/7/docs/api/\-java/io/PrintStream.html",
cited="11.12.2015",
}

@online{cpp-guide-cstdio,
title="<cstdio> (stdio.h) - C++ Reference",
url="http://www.cplusplus.com/reference/cstdio/",
cited="11.12.2015",
}

@online{cpp-guide-scanf,
title="scanf - C++ Reference",
url="http://www.cplusplus.com/reference/cstdio/scanf/",
cited="11.12.2015",
}

@online{cpp-guide-printf,
title="printf - C++ Reference",
url="http://www.cplusplus.com/reference/cstdio/printf/",
cited="11.12.2015",
}

@online{cpp-guide-iostream,
title="<iostream> - C++ Reference",
url="http://www.cplusplus.com/reference/iostream/",
cited="11.12.2015",
}

@online{cpp-guide-stdcin,
title="cin - C++ Reference",
url="http://www.cplusplus.com/reference/iostream/cin/",
cited="11.12.2015",
}

@online{cpp-guide-stdcout,
title="cout - C++ Reference",
url="http://www.cplusplus.com/reference/iostream/cout/",
cited="11.12.2015",
}

@online{cs-guide-console,
title="Console – třída (System)",
url="https://msdn.microsoft.com/cs-cz/library/system.console(v=vs.110).aspx",
cited="12.12.2015",
}

@online{cs-guide-convert,
title="Convert – třída (System)",
url="https://msdn.microsoft.com/cs-cz/library/system.convert(v=vs.110).aspx",
cited="12.12.2015",
}

@online{pas-guide-read,
title="Read",
url="http://www.freepascal.org/docs-html/rtl/system/read.html",
cited="12.12.2015",
}

@online{pas-guide-readln,
title="ReadLn",
url="http://www.freepascal.org/docs-html/rtl/system/readln.html",
cited="12.12.2015",
}

@online{pas-guide-write,
title="Write",
url="http://www.freepascal.org/docs-html/rtl/system/write.html",
cited="12.12.2015",
}

@online{pas-guide-writeln,
title="WriteLn",
url="http://www.freepascal.org/docs-html/rtl/system/writeln.html",
cited="12.12.2015",
}

@online{cpp-guide-stdint,
title="<cstdint> (stdint.h) - C++ Reference",
url="http://www.cplusplus.com/reference/cstdint/",
cited="21.03.2016",
}
